<?xml version="1.0" encoding="UTF-8"?>
  <record xmlns="http://www.loc.gov/MARC21/slim" type="Authority">
    <leader>00000nz  a2200000nc 4500</leader>
    <controlfield tag="001">100664695</controlfield>
    <controlfield tag="003">DE-101</controlfield>
    <controlfield tag="005">20220309170333.0</controlfield>
    <controlfield tag="008">900616n||azznnaabn           | aaa    |c</controlfield>
    <datafield tag="024" ind1="7" ind2=" ">
      <subfield code="a">100664695</subfield>
      <subfield code="0">http://d-nb.info/gnd/100664695</subfield>
      <subfield code="2">gnd</subfield>
    </datafield>
    <datafield tag="035" ind1=" " ind2=" ">
      <subfield code="a">(DE-101)100664695</subfield>
    </datafield>
    <datafield tag="035" ind1=" " ind2=" ">
      <subfield code="a">(DE-588)100664695</subfield>
    </datafield>
    <datafield tag="035" ind1=" " ind2=" ">
      <subfield code="z">(DE-588a)100664695</subfield>
      <subfield code="9">v:zg</subfield>
    </datafield>
    <datafield tag="040" ind1=" " ind2=" ">
      <subfield code="a">DE-12</subfield>
      <subfield code="c">DE-12</subfield>
      <subfield code="9">r:DE-12</subfield>
      <subfield code="b">ger</subfield>
      <subfield code="d">9999</subfield>
      <subfield code="e">rda</subfield>
    </datafield>
    <datafield tag="042" ind1=" " ind2=" ">
      <subfield code="a">gnd1</subfield>
    </datafield>
    <datafield tag="043" ind1=" " ind2=" ">
      <subfield code="c">XA-FR</subfield>
    </datafield>
    <datafield tag="065" ind1=" " ind2=" ">
      <subfield code="a">3.6p</subfield>
      <subfield code="2">sswd</subfield>
    </datafield>
    <datafield tag="075" ind1=" " ind2=" ">
      <subfield code="b">p</subfield>
      <subfield code="2">gndgen</subfield>
    </datafield>
    <datafield tag="075" ind1=" " ind2=" ">
      <subfield code="b">piz</subfield>
      <subfield code="2">gndspec</subfield>
    </datafield>
    <datafield tag="079" ind1=" " ind2=" ">
      <subfield code="a">g</subfield>
      <subfield code="q">a</subfield>
      <subfield code="q">f</subfield>
      <subfield code="q">s</subfield>
    </datafield>
    <datafield tag="100" ind1="1" ind2=" ">
      <subfield code="a">La Rocheposay, Henri-Louis Chasteigner &#152;de&#156;</subfield>
      <subfield code="d">1577-1651</subfield>
    </datafield>
    <datafield tag="400" ind1="1" ind2=" ">
      <subfield code="a">La Rocheposay, Henri Louis Chasteigner &#152;de&#156;</subfield>
      <subfield code="d">1577-1651</subfield>
    </datafield>
    <datafield tag="400" ind1="1" ind2=" ">
      <subfield code="a">La Rochepozai, Henri-Louis Chasteigner &#152;de&#156;</subfield>
      <subfield code="d">1577-1651</subfield>
    </datafield>
    <datafield tag="400" ind1="1" ind2=" ">
      <subfield code="a">La Rochepozay, Henri-Louis Chasteigner &#152;de&#156;</subfield>
      <subfield code="d">1577-1651</subfield>
    </datafield>
    <datafield tag="400" ind1="1" ind2=" ">
      <subfield code="a">La Roche-Posay, Henri Louis Chasteigner &#152;de&#156;</subfield>
      <subfield code="d">1577-1651</subfield>
    </datafield>
    <datafield tag="400" ind1="1" ind2=" ">
      <subfield code="a">La Roche-Posay, Henri-Louis Chasteigner &#152;de&#156;</subfield>
      <subfield code="d">1577-1651</subfield>
    </datafield>
    <datafield tag="400" ind1="1" ind2=" ">
      <subfield code="a">La Roche-Posai, Henri Louis Chasteigner &#152;de&#156;</subfield>
      <subfield code="d">1577-1651</subfield>
    </datafield>
    <datafield tag="400" ind1="1" ind2=" ">
      <subfield code="a">La Roche-Posai, Henri-Louis Chasteigner &#152;de&#156;</subfield>
      <subfield code="d">1577-1651</subfield>
    </datafield>
    <datafield tag="400" ind1="1" ind2=" ">
      <subfield code="a">La Roche-Pozai, Henri Louis Chasteigner &#152;de&#156;</subfield>
      <subfield code="d">1577-1651</subfield>
    </datafield>
    <datafield tag="400" ind1="1" ind2=" ">
      <subfield code="a">La Roche-Pozai, Henri-Louis Chasteigner &#152;de&#156;</subfield>
      <subfield code="d">1577-1651</subfield>
    </datafield>
    <datafield tag="400" ind1="1" ind2=" ">
      <subfield code="a">La Roche-Pozay, Henri Louis Chasteigner &#152;de&#156;</subfield>
      <subfield code="d">1577-1651</subfield>
    </datafield>
    <datafield tag="400" ind1="1" ind2=" ">
      <subfield code="a">La Roche-Pozay, Henri-Louis Chasteigner &#152;de&#156;</subfield>
      <subfield code="d">1577-1651</subfield>
    </datafield>
    <datafield tag="400" ind1="1" ind2=" ">
      <subfield code="a">Chasteigner de La Roche-Pozai, Henri Louis</subfield>
      <subfield code="d">1577-1651</subfield>
    </datafield>
    <datafield tag="400" ind1="1" ind2=" ">
      <subfield code="a">Chasteigner de La Roche-Pozai, Henri-Louis</subfield>
      <subfield code="d">1577-1651</subfield>
    </datafield>
    <datafield tag="400" ind1="1" ind2=" ">
      <subfield code="a">Chasteigner de La Roche-Posai, Henri-Louis</subfield>
      <subfield code="d">1577-1651</subfield>
    </datafield>
    <datafield tag="400" ind1="1" ind2=" ">
      <subfield code="a">Chasteigner de La Roche-Pozay, Henri Louis</subfield>
      <subfield code="d">1577-1651</subfield>
    </datafield>
    <datafield tag="400" ind1="1" ind2=" ">
      <subfield code="a">Chasteigner de La Roche-Pozay, Henri-Louis</subfield>
      <subfield code="d">1577-1651</subfield>
    </datafield>
    <datafield tag="400" ind1="1" ind2=" ">
      <subfield code="a">Chasteigner de La Roche-Posay, Henri-Louis</subfield>
      <subfield code="d">1577-1651</subfield>
    </datafield>
    <datafield tag="400" ind1="1" ind2=" ">
      <subfield code="a">Chasteigner de La Rocheposay, Henri-Louis</subfield>
      <subfield code="d">1577-1651</subfield>
    </datafield>
    <datafield tag="400" ind1="1" ind2=" ">
      <subfield code="a">Chasteigner de LaRoche-Pozai, Henri</subfield>
      <subfield code="d">1577-1651</subfield>
    </datafield>
    <datafield tag="400" ind1="1" ind2=" ">
      <subfield code="a">Castanaeus de La Rochepozay, Henricus Ludovicus</subfield>
      <subfield code="d">1577-1651</subfield>
    </datafield>
    <datafield tag="400" ind1="1" ind2=" ">
      <subfield code="a">Castanaeus de La Rochepozay, Henricus-Ludovicus</subfield>
      <subfield code="d">1577-1651</subfield>
    </datafield>
    <datafield tag="400" ind1="1" ind2=" ">
      <subfield code="a">Castanæus de La Rochepozay, Henricus Ludovicus</subfield>
      <subfield code="d">1577-1651</subfield>
    </datafield>
    <datafield tag="400" ind1="1" ind2=" ">
      <subfield code="a">Castanæus Rochepozay, Henricus-Ludovicus &#152;de la&#156;</subfield>
      <subfield code="d">1577-1651</subfield>
    </datafield>
    <datafield tag="400" ind1="1" ind2=" ">
      <subfield code="a">Castanaeus, Henr. Lud.</subfield>
      <subfield code="d">1577-1651</subfield>
    </datafield>
    <datafield tag="400" ind1="1" ind2=" ">
      <subfield code="a">Castaneo, Henrico Ludovico</subfield>
      <subfield code="d">1577-1651</subfield>
    </datafield>
    <datafield tag="400" ind1="1" ind2=" ">
      <subfield code="a">Castani, Enrico Lodovic</subfield>
      <subfield code="d">1577-1651</subfield>
    </datafield>
    <datafield tag="400" ind1="1" ind2=" ">
      <subfield code="a">Costanaeus, Henricus Ludovicus</subfield>
      <subfield code="d">1577-1651</subfield>
    </datafield>
    <datafield tag="400" ind1="1" ind2=" ">
      <subfield code="a">Costanaeus de La Rochepozay, Henricus Ludovicus</subfield>
      <subfield code="d">1577-1651</subfield>
    </datafield>
    <datafield tag="400" ind1="1" ind2=" ">
      <subfield code="a">Rupipozeus, Henricus Ludovicus</subfield>
      <subfield code="d">1577-1651</subfield>
    </datafield>
    <datafield tag="400" ind1="1" ind2=" ">
      <subfield code="a">LaRocheposay, Henri-Louis Chasteigner &#152;de&#156;</subfield>
      <subfield code="d">1577-1651</subfield>
    </datafield>
    <datafield tag="400" ind1="1" ind2=" ">
      <subfield code="a">Chasteigner de LaRoche-Pozai, Henri Louis</subfield>
      <subfield code="d">1577-1651</subfield>
    </datafield>
    <datafield tag="400" ind1="1" ind2=" ">
      <subfield code="a">Chasteigner de LaRoche-Pozay, Henri Louis</subfield>
      <subfield code="d">1577-1651</subfield>
    </datafield>
    <datafield tag="400" ind1="1" ind2=" ">
      <subfield code="a">Castanaeus Rupipozaeus, Henricus Ludovicus</subfield>
      <subfield code="d">1577-1651</subfield>
    </datafield>
    <datafield tag="400" ind1="1" ind2=" ">
      <subfield code="a">Castanaeus, Henricus Ludovicus</subfield>
      <subfield code="d">1577-1651</subfield>
    </datafield>
    <datafield tag="400" ind1="1" ind2=" ">
      <subfield code="a">Castanaeus Rupipozaeus, Henricus-Ludovicus</subfield>
      <subfield code="d">1577-1651</subfield>
    </datafield>
    <datafield tag="400" ind1="1" ind2=" ">
      <subfield code="a">Pozay, Henri Lenri Louis Chasteigner de la Roche-</subfield>
      <subfield code="d">1577-1651</subfield>
    </datafield>
    <datafield tag="400" ind1="1" ind2=" ">
      <subfield code="a">Rocheposay, Henri-Louis Chasteigner &#152;de la&#156;</subfield>
      <subfield code="d">1577-1651</subfield>
    </datafield>
    <datafield tag="400" ind1="1" ind2=" ">
      <subfield code="a">Rupipozaeus, Henricus Ludovicus Castanaeus</subfield>
      <subfield code="d">1577-1651</subfield>
    </datafield>
    <datafield tag="400" ind1="1" ind2=" ">
      <subfield code="a">Rupipozeus, Henricus Ludovicus Castaneus</subfield>
      <subfield code="d">1577-1651</subfield>
    </datafield>
    <datafield tag="400" ind1="1" ind2=" ">
      <subfield code="a">Rupipozaeus, Henricus-Ludovicus Castanaeus</subfield>
      <subfield code="d">1577-1651</subfield>
    </datafield>
    <datafield tag="400" ind1="1" ind2=" ">
      <subfield code="a">Roche-Pozay, Henri Louis Chasteigner &#152;de la&#156;</subfield>
      <subfield code="d">1577-1651</subfield>
    </datafield>
    <datafield tag="400" ind1="1" ind2=" ">
      <subfield code="a">LaRocheposay, Henri Louis Chasteigner &#152;de&#156;</subfield>
      <subfield code="d">1577-1651</subfield>
    </datafield>
    <datafield tag="400" ind1="1" ind2=" ">
      <subfield code="a">Chasteigner de LaRoche-Pozay, Henri Louis</subfield>
      <subfield code="d">1577-1651</subfield>
    </datafield>
    <datafield tag="400" ind1="1" ind2=" ">
      <subfield code="a">LaRochePosay, Henri-Louis Chasteigner &#152;de&#156;</subfield>
      <subfield code="d">1577-1651</subfield>
    </datafield>
    <datafield tag="400" ind1="1" ind2=" ">
      <subfield code="a">Chasteigner de LaRoche-Pozai, Henri-Louis</subfield>
      <subfield code="d">1577-1651</subfield>
    </datafield>
    <datafield tag="400" ind1="1" ind2=" ">
      <subfield code="a">Chasteigner de LaRoche-Pozay, Henri-Louis</subfield>
      <subfield code="d">1577-1651</subfield>
    </datafield>
    <datafield tag="400" ind1="1" ind2=" ">
      <subfield code="a">Castanaeus de LaRochepozay, Henricus Ludovicus</subfield>
      <subfield code="d">1577-1651</subfield>
    </datafield>
    <datafield tag="400" ind1="1" ind2=" ">
      <subfield code="a">LaRochePosay, Henri L. &#152;de&#156;</subfield>
      <subfield code="d">1577-1651</subfield>
    </datafield>
    <datafield tag="400" ind1="1" ind2=" ">
      <subfield code="a">LaRoche-Pozai, Henri Louis Chasteigner &#152;de&#156;</subfield>
      <subfield code="d">1577-1651</subfield>
    </datafield>
    <datafield tag="400" ind1="1" ind2=" ">
      <subfield code="a">LaRoche-Pozay, Henri-Louis Chasteigner &#152;de&#156;</subfield>
      <subfield code="d">1577-1651</subfield>
    </datafield>
    <datafield tag="400" ind1="1" ind2=" ">
      <subfield code="a">LaRoche-Pozai, Henri-Louis Chasteigner &#152;de&#156;</subfield>
      <subfield code="d">1577-1651</subfield>
    </datafield>
    <datafield tag="400" ind1="1" ind2=" ">
      <subfield code="a">Chasteigner de LaRoche-Posai, Henri-Louis</subfield>
      <subfield code="d">1577-1651</subfield>
    </datafield>
    <datafield tag="400" ind1="1" ind2=" ">
      <subfield code="a">Chasteigner de LaRoche-Posay, Henri-Louis</subfield>
      <subfield code="d">1577-1651</subfield>
    </datafield>
    <datafield tag="400" ind1="1" ind2=" ">
      <subfield code="a">LaRoche-Posay, Henri Louis Chasteigner &#152;de&#156;</subfield>
      <subfield code="d">1577-1651</subfield>
    </datafield>
    <datafield tag="400" ind1="1" ind2=" ">
      <subfield code="a">LaRoche-Posai, Henri Louis Chasteigner &#152;de&#156;</subfield>
      <subfield code="d">1577-1651</subfield>
    </datafield>
    <datafield tag="400" ind1="1" ind2=" ">
      <subfield code="a">LaRoche-Posay, Henri-Louis Chasteigner &#152;de&#156;</subfield>
      <subfield code="d">1577-1651</subfield>
    </datafield>
    <datafield tag="400" ind1="1" ind2=" ">
      <subfield code="a">LaRoche-Posai, Henri-Louis Chasteigner &#152;de&#156;</subfield>
      <subfield code="d">1577-1651</subfield>
    </datafield>
    <datafield tag="400" ind1="1" ind2=" ">
      <subfield code="a">LaRochepozay, Henri-Louis Chasteigner &#152;de&#156;</subfield>
      <subfield code="d">1577-1651</subfield>
    </datafield>
    <datafield tag="400" ind1="1" ind2=" ">
      <subfield code="a">LaRochepozai, Henri-Louis Chasteigner &#152;de&#156;</subfield>
      <subfield code="d">1577-1651</subfield>
    </datafield>
    <datafield tag="400" ind1="1" ind2=" ">
      <subfield code="a">Chasteigner, Henri-Louis &#152;de&#156;</subfield>
      <subfield code="d">1577-1651</subfield>
    </datafield>
    <datafield tag="548" ind1=" " ind2=" ">
      <subfield code="a">1577-1651</subfield>
      <subfield code="4">datl</subfield>
      <subfield code="4">https://d-nb.info/standards/elementset/gnd#dateOfBirthAndDeath</subfield>
      <subfield code="w">r</subfield>
      <subfield code="i">Lebensdaten</subfield>
    </datafield>
    <datafield tag="548" ind1=" " ind2=" ">
      <subfield code="a">06.09.1577-30.07.1651</subfield>
      <subfield code="4">datx</subfield>
      <subfield code="4">https://d-nb.info/standards/elementset/gnd#dateOfBirthAndDeath</subfield>
      <subfield code="w">r</subfield>
      <subfield code="i">Exakte Lebensdaten</subfield>
    </datafield>
    <datafield tag="550" ind1=" " ind2=" ">
      <subfield code="0">(DE-101)040069494</subfield>
      <subfield code="0">(DE-588)4006949-7</subfield>
      <subfield code="0">https://d-nb.info/gnd/4006949-7</subfield>
      <subfield code="a">Bischof</subfield>
      <subfield code="4">berc</subfield>
      <subfield code="4">https://d-nb.info/standards/elementset/gnd#professionOrOccupation</subfield>
      <subfield code="w">r</subfield>
      <subfield code="i">Charakteristischer Beruf</subfield>
    </datafield>
    <datafield tag="551" ind1=" " ind2=" ">
      <subfield code="0">(DE-101)040464709</subfield>
      <subfield code="0">(DE-588)4046470-2</subfield>
      <subfield code="0">https://d-nb.info/gnd/4046470-2</subfield>
      <subfield code="a">Poitiers</subfield>
      <subfield code="4">ortw</subfield>
      <subfield code="4">https://d-nb.info/standards/elementset/gnd#placeOfActivity</subfield>
      <subfield code="w">r</subfield>
      <subfield code="i">Wirkungsort</subfield>
    </datafield>
    <datafield tag="667" ind1=" " ind2=" ">
      <subfield code="a">12</subfield>
    </datafield>
    <datafield tag="667" ind1=" " ind2=" ">
      <subfield code="a">384</subfield>
    </datafield>
    <datafield tag="667" ind1=" " ind2=" ">
      <subfield code="a">VD-17</subfield>
    </datafield>
    <datafield tag="667" ind1=" " ind2=" ">
      <subfield code="a">4ELRAKm</subfield>
    </datafield>
    <datafield tag="667" ind1=" " ind2=" ">
      <subfield code="a">Quelle: DNB-Normdaten (Info DNB: Bischof von Poitiers)</subfield>
    </datafield>
    <datafield tag="670" ind1=" " ind2=" ">
      <subfield code="a">LCAuth</subfield>
    </datafield>
    <datafield tag="670" ind1=" " ind2=" ">
      <subfield code="b">PND, LoC-NA</subfield>
    </datafield>
    <datafield tag="670" ind1=" " ind2=" ">
      <subfield code="a">BnF</subfield>
    </datafield>
    <datafield tag="672" ind1=" " ind2="0">
      <subfield code="a">Celebriorum distinctionum philosophicarum synopsis</subfield>
      <subfield code="f">1657</subfield>
    </datafield>
    <datafield tag="672" ind1=" " ind2="0">
      <subfield code="a">Celebriorum distinctionum philosophicarum synopsis</subfield>
      <subfield code="f">1655</subfield>
    </datafield>
    <datafield tag="672" ind1=" " ind2="0">
      <subfield code="a">Celebriorum Distinctionum tum philosophicarum, tu*. -1617</subfield>
    </datafield>
    <datafield tag="672" ind1=" " ind2="0">
      <subfield code="a">Celebriorum Distinctionum tum philosophicarum, tu*. -1614</subfield>
    </datafield>
    <datafield tag="672" ind1=" " ind2="0">
      <subfield code="a">Celebriorum Distinctionum tum philosophicarum, tu*. -1623</subfield>
    </datafield>
    <datafield tag="672" ind1=" " ind2="0">
      <subfield code="a">Celebriorum Distinctionum tum philosophicarum, tu*. -1644</subfield>
    </datafield>
    <datafield tag="672" ind1=" " ind2="0">
      <subfield code="a">Nomenclator Sanctae Romanae Ecclesiae Cardinalivm</subfield>
      <subfield code="f">1614</subfield>
    </datafield>
    <datafield tag="672" ind1=" " ind2="0">
      <subfield code="a">Nomenclator sanctae Romanae ecclesiae Cardinalium</subfield>
      <subfield code="f">1614</subfield>
    </datafield>
    <datafield tag="672" ind1=" " ind2="0">
      <subfield code="a">Celebriores Distinctiones tum philosophicae tum theologicae</subfield>
      <subfield code="f">1644</subfield>
    </datafield>
    <datafield tag="672" ind1=" " ind2="0">
      <subfield code="a">Celebriorum Distinctionum tum philosophicarum, tum theologicarum synopsis</subfield>
      <subfield code="f">1618</subfield>
    </datafield>
    <datafield tag="672" ind1=" " ind2="0">
      <subfield code="a">Celebriorum distinctionum tum philosophicarum, tum theologicarum synopsis</subfield>
      <subfield code="f">1616</subfield>
    </datafield>
    <datafield tag="672" ind1=" " ind2="0">
      <subfield code="a">Celebriorum Distinctionum tum philosophicarum tum theologicarum synopsis</subfield>
      <subfield code="f">1658</subfield>
    </datafield>
    <datafield tag="672" ind1=" " ind2="0">
      <subfield code="a">Celebriorum distinctionum tum philosophicarum tum theologicarum synopsis</subfield>
      <subfield code="f">1659</subfield>
    </datafield>
    <datafield tag="672" ind1=" " ind2="0">
      <subfield code="a">Henrici Lvdovici Castanaei de LaRochepozay ... Dissertationes ethico-politicae</subfield>
      <subfield code="f">1625</subfield>
    </datafield>
    <datafield tag="678" ind1=" " ind2=" ">
      <subfield code="b">Bischof von Poitiers</subfield>
    </datafield>
    <datafield tag="913" ind1=" " ind2=" ">
      <subfield code="S">pnd</subfield>
      <subfield code="i">a</subfield>
      <subfield code="a">La Rocheposay, Henri-Louis Chasteigner /de</subfield>
      <subfield code="0">(DE-588a)100664695</subfield>
    </datafield>
  </record>
